@misc{twentyKrCoin,
    title = {{20-krone}},
    url = {http://www.nationalbanken.dk/da/sedlerogmoenter/danske_moenter/Sider/20-krone.aspx}
}

@misc{fiveKrCoin,
    title = {{5-krone - Wikipedia}},
    url = {https://da.wikipedia.org/wiki/5-krone}
}

@article{136957au.dk2018,
    title = {{Aarhus Universitet}},
    year = {2018},
    author = {{136957@au.dk}},
    number = {december 2018},
    url = {http://www.au.dk/},
    keywords = {Aarhus University, University of Aarhus}
}

@article{AN64846,
    title = {{AN64846 - Getting Started with CapSense}},
    year = {2016},
    journal = {Application Note},
    author = {{Cypress Semiconductor}},
    url = {http://www.cypress.com/documentation/application-notes/an64846-getting-started-capsense?source=search&cat=technical_documents}
}

@misc{BC547,
    title = {{BC547 - datasheet}},
    url = {http://www.farnell.com/datasheets/2304026.pdf?_ga=2.234200798.1396614530.1537263236-1466402061.1525071283}
}

@article{datasheet_bc557b,
    title = {{BC556B, BC557A,B,C, BC558B Amplifier Transistors}},
    year = {2007},
    author = {{On Semiconductor}},
    pages = {7}
}

@misc{beerpong_wiki,
    title = {{Beer pong - Wikipedia}},
    url = {https://da.wikipedia.org/wiki/Beer_pong}
}

@misc{binomial_wiki,
    title = {{Binomialfordelingen - Wikipedia}},
    url = {https://da.wikipedia.org/wiki/Binomialfordelingen}
}

@misc{brydningsindex,
    title = {{Brydningsindeks - Wikipedia}},
    url = {https://da.wikipedia.org/wiki/Brydningsindeks}
}

@article{PSoCKitSchematics,
    title = {{CY8CKIT-059 PSoC 5LP Prototyping Kit Schematics}},
    year = {2015},
    author = {{Cypress Semiconductor}},
    url = {http://www.cypress.com/file/443786/download}
}

@article{ADC-DelSig-datasheet,
    title = {{Delta Sigma Analog to Digital Converter (ADC{\_}DelSig) - datasheet}},
    year = {2017},
    author = {{Cypress Semiconductor}},
    number = {V3.30},
    url = {http://www.cypress.com/file/400466/download}
}

@misc{AnalogDiscovery2,
    title = {{Digilent Analog Discovery 2}},
    url = {https://store.digilentinc.com/analog-discovery-2-100msps-usb-oscilloscope-logic-analyzer-and-variable-power-supply/}
}

@article{DMADatasheet,
    title = {{Direct Memory Access ( DMA ) - Datasheet}},
    year = {2016},
    author = {{Cypress Semiconductor}},
    url = {http://www.cypress.com/file/130631/download},
    isbn = {0029-8549}
}

@unpublished{websockets_getting_started,
    title = {{Getting started with WebSockets}},
    author = {Hansen, Søren},
    institution = {Aarhus Universitet}
}

@misc{html5_websockets,
    title = {{HTML5 - WebSockets}},
    url = {https://www.tutorialspoint.com/html5/html5_websocket.htm}
}

@misc{http_wiki,
    title = {{HTTP - Wikipedia}},
    url = {https://en.wikipedia.org/wiki/Hypertext_Transfer_Protocol}
}

@misc{i2c_protocol,
    title = {{I2C - Wikipedia}},
    url = {https://en.wikipedia.org/wiki/I²C}
}

@article{i2c_slave_datasheet,
    title = {{I2C Master / Multi-Master / Slave Input / Output Connections}},
    url = {http://www.cypress.com/file/175671/download}
}

@misc{photodiodesTI,
    title = {{Illuminating Photodiode ;-)}},
    author = {Trump, Bruce},
    url = {https://e2e.ti.com/blogs_/archives/b/thesignal/archive/2012/08/06/illuminating-photodiodes}
}

@misc{json_intro,
    title = {{JSON - Introduction}},
    year = {2012},
    author = {{w3schools.com}},
    url = {http://www.w3schools.com/json/json_intro.asp},
    isbn = {9780262134750}
}

@article{RGBledDatasheet,
    title = {{L-154A4SURKQBDZGW - datasheet}},
    year = {2015},
    journal = {Datasheet},
    author = {Dimensions, Package},
    pages = {1--8},
    volume = {4}
}

@article{HAL2018,
    title = {{LINUX KERNEL INTERFACE}},
    year = {2018},
    author = {Mikkelsen, Peter Høgh},
    number = {September},
    pages = {23}
}

@misc{drinking_research,
    title = {{Not Just Fun and Games: A Review of College Drinking Games Research}},
    year = {2014},
    author = {Zamboanga, Byron et al.},
    url = {https://www.ncbi.nlm.nih.gov/pmc/articles/PMC4356507/}
}

@misc{MSGQUEUE,
    title = {{OS Api}},
    author = {Hansen, Søren},
    pages = {1},
    url = {https://redmine.ase.au.dk/courses/projects/i3isu_e2018/repository/revisions/master/show/Lecture 6 - OS Api/Exercises}
}

@misc{photodiodeWikipedia,
    title = {{Photodiode - wikipedia}},
    url = {https://en.wikipedia.org/wiki/Photodiode}
}

@misc{pingpongball,
    title = {{Ping Pong Ball - Wikipedia}},
    author = {{en.wikipedia.org}},
    url = {https://en.wikipedia.org/wiki/Table_tennis#Ball}
}

@article{Universitet2018,
    title = {{PRJ3 - Semesterprojekt 3}},
    year = {2018},
    author = {Universitet, Rhus and Dette, P H M}
}

@article{psoc5lp,
    title = {{PSOC{\_}5LP{\_}CY8C58LP Datasheet}},
    year = {2017},
    journal = {Datasheet},
    author = {Cypress, Semiconductor Corporation},
    number = {8},
    pages = {139},
    volume = {13},
    doi = {10.1007/BF02949934},
    issn = {18634362}
}

@misc{PSoCHowToCreateCustomComponents,
    title = {{PSoC{\textregistered} Video Tutorial Series: How to Create Custom Components}},
    author = {Semiconductor, Cypress},
    url = {http://www.cypress.com/training/psoc-video-tutorial-series-how-create-custom-components}
}

@article{Law2012,
    title = {{Real Analog - Circuits 1 Chapter 1 : Circuit Analysis Fundamentals 1 . Introduction and Chapter Objectives}},
    year = {2012},
    author = {Law, Current and Law, Voltage},
    pages = {1--35}
}

@misc{rpi_webpage,
    title = {{Rpi Zero W}},
    url = {https://www.raspberrypi.org/products/raspberry-pi-zero-w/}
}

@misc{apache_web_server,
    title = {{Setting up an Apache Web Server on RPi}},
    url = {https://www.raspberrypi.org/documentation/remote-access/web-server/apache.md}
}

@article{SFH203FA,
    title = {{SFH203FA - datasheet}},
    year = {2014},
    publisher = {OSRAM Opto Semiconductors},
    doi = {10.2214/AJR.09.4167},
    issn = {13899341},
    pmid = {20966329}
}

@article{SFH485,
    title = {{SFH485 - datasheet}},
    year = {2008},
    publisher = {OSRAM Opto Semiconductors}
}

@misc{shiftregpwm,
    title = {{Shiftregister PWM Library}},
    year = {2017},
    booktitle = {Software Library},
    author = {Denk, Timo},
    url = {https://timodenk.com/blog/shiftregister-pwm-library/}
}

@article{datasheet_shiftreg,
    title = {{SNx4HC595 8-Bit Shift Registers With 3-State Output Registers}},
    year = {2015},
    journal = {Datasheet},
    author = {Instruments, Texas},
    pages = {36},
    url = {http://www.ti.com/lit/ds/symlink/sn74hc595.pdf},
    keywords = {Instruments, TI, Texas}
}

@misc{spi_protocol,
    title = {{SPI - Wikipedia}},
    url = {https://en.wikipedia.org/wiki/Serial_Peripheral_Interface}
}

@misc{tokenize,
    title = {{Tokenizer - Stackoverflow}},
    url = {https://stackoverflow.com/questions/5757721/use-getline-and-while-loop-to-split-a-string}
}

@misc{uwebsockets_repo,
    title = {{uwebsockets redmine repository}},
    year = {2016},
    url = {https://redmine.ase.au.dk:443/devs/development-kits/raspberry-zero/uwebsockets.git}
}

@article{vejledning_prj3,
    title = {{Vejledning til udviklingsprocessen for projekt 3}},
    year = {2014},
    author = {Bjerge, Kim},
    pages = {1--13},
    volume = {3}
}

@misc{websocket_wiki,
    title = {{WebSocket - Wikipedia}},
    url = {https://en.wikipedia.org/wiki/WebSocket}
}

@misc{BordtennisWikipedia,
    title = {{Bordtennis - Wikipedia}},
    url = {https://da.wikipedia.org/wiki/Bordtennis}
}